@Manual{R-base,
  title = {R: A Language and Environment for Statistical Computing},
  author = {{R Core Team}},
  organization = {R Foundation for Statistical Computing},
  address = {Vienna, Austria},
  year = {2021},
  url = {https://www.R-project.org/},
}
@Manual{R-papaja,
  title = {{papaja}: {Prepare} reproducible {APA} journal articles with {R Markdown}},
  author = {Frederik Aust and Marius Barth},
  year = {2022},
  note = {R package version 0.1.1},
  url = {https://github.com/crsh/papaja},
}
@Manual{R-tinylabels,
  title = {{tinylabels}: Lightweight Variable Labels},
  author = {Marius Barth},
  year = {2022},
  note = {R package version 0.2.3},
  url = {https://cran.r-project.org/package=tinylabels},
}

@article{broadbent1957mechanical,
  title={A mechanical model for human attention and immediate memory.},
  author={Broadbent, Donald Eric},
  journal={Psychological review},
  volume={64},
  number={3},
  pages={205},
  year={1957},
  publisher={American Psychological Association}
}

@book{james1890principles,
  title={The Principles Of Psychology Volume II},
  author={James, William},
  year={1890}
}

@book{titchener1908lectures,
  title={Lectures on the elementary psychology of feeling and attention},
  author={Titchener, Edward Bradford},
  year={1908},
  publisher={Macmillan}
}
